@article{mlspike,
  title={Accurate spike estimation from noisy calcium signals for ultrafast three-dimensional imaging of large neuronal populations in vivo},
  author={Deneux, Thomas and Kaszas, Attila and Szalay, Gergely and Katona, Gergely and Lakner, Tam{\'a}s and Grinvald, Amiram and R{\'o}zsa, Bal{\'a}zs and Vanzetta, Ivo},
  journal={Nature Communications},
  volume={7},
  year={2016},
  publisher={Nature Publishing Group}
}

@article{oopsi,
  title={Fast nonnegative deconvolution for spike train inference from population calcium imaging},
  author={Vogelstein, Joshua T and Packer, Adam M and Machado, Timothy A and Sippy, Tanya and Babadi, Baktash and Yuste, Rafael and Paninski, Liam},
  journal={Journal of Neurophysiology},
  volume={104},
  number={6},
  pages={3691--3704},
  year={2010},
  publisher={Am Physiological Soc}
}

@article{eftychios,
  title={Simultaneous denoising, deconvolution, and demixing of calcium imaging data},
  author={Pnevmatikakis, Eftychios A and Soudry, Daniel and Gao, Yuanjun and Machado, Timothy A and Merel, Josh and Pfau, David and Reardon, Thomas and Mu, Yu and Lacefield, Clay and Yang, Weijian and others},
  journal={Neuron},
  volume={89},
  number={2},
  pages={285--299},
  year={2016},
  publisher={Elsevier}
}

@article{oasis,
  title={Fast online deconvolution of calcium imaging data},
  author={Friedrich, Johannes and Zhou, Pengcheng and Paninski, Liam},
  journal={PLOS Computational Biology},
  volume={13},
  number={3},
  pages={e1005423},
  year={2017},
  publisher={Public Library of Science}
}

@article{wavenet,
  title={Wavenet: A generative model for raw audio},
  author={van den Oord, A{\"a}ron and Dieleman, Sander and Zen, Heiga and Simonyan, Karen and Vinyals, Oriol and Graves, Alex and Kalchbrenner, Nal and Senior, Andrew and Kavukcuoglu, Koray},
  journal={CoRR abs/1609.03499},
  year={2016}
}