@inproceedings{friedrich2016,
title = {Fast active set methods for online spike inference from calcium imaging},
author = {Friedrich, J and Paninski, L},
booktitle = {Adv Neural Inf Process Syst 29},
pages = {1984--1992},
year = {2016}
}

@article{friedrich2017,
  title={Fast online deconvolution of calcium imaging data},
  author={Friedrich, J and Zhou, P and Paninski, L},
  journal={PLoS Comput Biol},
  volume={13},
  number={3},
  pages={e1005423},
  year={2017},
  publisher={Public Library of Science}
}

@article{vogelstein2010,
  title={Fast nonnegative deconvolution for spike train inference from population calcium imaging},
  author={Vogelstein, J T and Packer, A M and Machado, T A and Sippy, T and Babadi, B and Yuste, R and Paninski, L},
  journal={J Neurophysiol},
  volume={104},
  number={6},
  pages={3691--3704},
  year={2010}
}

@article{pnevmatikakis2016,
author = {E A Pnevmatikakis and D Soudry and Y Gao and T A Machado and J Merel and D Pfau and T Reardon and Y Mu and C Lacefield and W Yang and M Ahrens and R Bruno and T M Jessell and D S Peterka and R Yuste and L Paninski},
journal = {Neuron},
volume={89},
number={2},
pages = {285--299},
title = {Simultaneous Denoising, Deconvolution, and Demixing of Calcium Imaging Data},
year = {2016}
}

@book{barlow1972,
  title={Statistical inference under order restrictions: The theory and application of isotonic regression},
  author={Barlow, R E and Bartholomew, D J and Bremner, JM and Brunk, H D},
  year={1972},
  publisher={Wiley New York}
}
